@article{Andrews2012,
author = {B. Andrews},
journal = {Geometry \& Topology},
number = {3},
pages = {1413-1418},
title = {Noncollapsing in mean-convex mean curvature flow},
volume = {16},
year = {2012},
}

@article{BernsteinWang2016,
author = {J. Bernstein and L. Wang},
number = {3},
pages = {601-627},
title = {A sharp lower bound for the entropy of closed hypersurfaces up to dimension six},
volume = {206},
year = {2016},
}

@article{Brendle2016,
author = {S. Brendle},
journal = {Annals of Math},
pages = {715-728},
title = {Embedded self-similar shrinkers of genus $0$},
volume = {183},
year = {2016},
}

@article{Calabi1958,
author = {E. Calabi},
journal = {Duke Math J.},
pages = {45-56},
title = {An extension of E. Hopf's maximum principle with an application to Riemannian geometry},
volume = {25},
year = {1958},
}

@article{ColdingMinicozzi2012,
author = {T. H. Colding and W. P. Minicozzi, II},
journal = {Annals of Math},
number = {2},
pages = {755-833},
title = {Generic mean curvature flow I; generic singularities},
volume = {175},
year = {2012},
}

@article {ColdingMinicozzi2015a,
    AUTHOR = {Colding, Tobias Holck and Minicozzi, II, William P.},
     TITLE = {Uniqueness of blowups and \L ojasiewicz inequalities},
   JOURNAL = {Ann. of Math. (2)},
  FJOURNAL = {Annals of Mathematics. Second Series},
    VOLUME = {182},
      YEAR = {2015},
    NUMBER = {1},
     PAGES = {221--285},
      ISSN = {0003-486X},
   MRCLASS = {53C44 (35K55)},
  MRNUMBER = {3374960},
MRREVIEWER = {James McCoy},
       DOI = {10.4007/annals.2015.182.1.5},
       URL = {http://dx.doi.org/10.4007/annals.2015.182.1.5},
}

@incollection {ColdingMinicozzi2015b,
    AUTHOR = {Colding, Tobias Holck and Minicozzi, II, William P.},
     TITLE = {\L ojasiewicz inequalities and applications},
 BOOKTITLE = {Surveys in differential geometry 2014. {R}egularity and
              evolution of nonlinear equations},
    SERIES = {Surv. Differ. Geom.},
    VOLUME = {19},
     PAGES = {63--82},
 PUBLISHER = {Int. Press, Somerville, MA},
      YEAR = {2015},
   MRCLASS = {53C44},
  MRNUMBER = {3381496},
MRREVIEWER = {Michele Rimoldi},
       DOI = {10.4310/SDG.2014.v19.n1.a3},
       URL = {http://dx.doi.org/10.4310/SDG.2014.v19.n1.a3},
}

@article{ColdingMinicozzi2016,
author = {Tobias Holck Colding and William P. Minicozzi, II},
journal = {Inventiones Math},
number = {2},
pages = {443-471},
title = {The singular set of mean curvature flow with generic singularities},
volume = {204},
year = {2016},
}

@article {ColdingIlmanenMinicozzi2015,
    AUTHOR = {Colding, Tobias Holck and Ilmanen, Tom and Minicozzi, II,
              William P.},
     TITLE = {Rigidity of generic singularities of mean curvature flow},
   JOURNAL = {Publ. Math. Inst. Hautes \'Etudes Sci.},
  FJOURNAL = {Publications Math\'ematiques. Institut de Hautes \'Etudes
              Scientifiques},
    VOLUME = {121},
      YEAR = {2015},
     PAGES = {363--382},
      ISSN = {0073-8301},
   MRCLASS = {53C44},
  MRNUMBER = {3349836},
MRREVIEWER = {Ana Mar\~A-a Lerma},
       DOI = {10.1007/s10240-015-0071-3},
       URL = {http://dx.doi.org/10.1007/s10240-015-0071-3},
}

@article{ColdingMinicozziPedersen2015,
author = {T. H. Colding and W. P. Minicozzi, Ii and E. K. Pedersen},
journal = {Bulletin of the AMS},
number = {2},
pages = {297-333},
title = {Mean curvature flow},
volume = {52},
year = {2015},
}

@article{ColdingIlmanenMinicozziWhite2013,
author = {Tobias Holck Colding and Tom Ilmanen and William P. Minicozzi, II and Brian White},
journal = {J. Differential Geom.},
number = {1},
pages = {53-69},
title = {The round sphere minimizes entropy among closed self-shrinkers},
volume = {95},
year = {2013},
}

@article{EvansSpruck1992a,
author = {L. C. Evans and J. Spruck},
journal = {Trans. Amer. Math. Soc.},
number = {1},
pages = {321-332},
title = {Motion of level sets by mean curvature II},
volume = {330},
year = {1992},
}

@article{GageHamilton1986,
author = {M. Gage and R. S. Hamilton},
journal = {J. Differential Geom.},
number = {1},
pages = {69-96},
title = {The heat equation shrinking convex plane curves},
volume = {23},
year = {1986},
}

@article{Grayson1989,
author = {M. Grayson},
journal = {Ann. of Math. (2)},
number = {1},
pages = {71-111},
title = {Shortening embedded curves},
volume = {129},
year = {1989},
}

@article{Huisken1984,
author = {G. Huisken},
journal = {Differential Geom},
number = {1},
pages = {237-266},
title = {Flow by mean curvature of convex surfaces into spheres, J},
volume = {20},
year = {1984},
}

@incollection {Huisken1993,
    AUTHOR = {Huisken, Gerhard},
     TITLE = {Local and global behaviour of hypersurfaces moving by mean
              curvature},
 BOOKTITLE = {Differential geometry: partial differential equations on
              manifolds ({L}os {A}ngeles, {CA}, 1990)},
    SERIES = {Proc. Sympos. Pure Math.},
    VOLUME = {54},
     PAGES = {175--191},
 PUBLISHER = {Amer. Math. Soc., Providence, RI},
      YEAR = {1993},
   MRCLASS = {58E15 (53A10 58G11)},
  MRNUMBER = {1216584},
MRREVIEWER = {Li Ma},
       DOI = {10.1090/pspum/054.1/1216584},
       URL = {http://dx.doi.org/10.1090/pspum/054.1/1216584},
}

@unpublished{Ilmanen1995,
author = {T. Ilmanen},
note = {preprint},
title = {Singularities of Mean Curvature Flow of Surfaces},
year = {1995},
}

@article{White1995,
author = {B. White},
journal = {Comm. Anal. Geom.},
number = {1-2},
pages = {317-333},
title = {The topology of hypersurfaces moving by mean curvature},
volume = {3},
year = {1995},
}

@article{White2000,
author = {B. White},
journal = {J. Amer. Math. Soc.},
number = {3},
pages = {665-695},
title = {The size of the singular set in mean curvature flow of mean-convex sets},
volume = {13},
year = {2000},
}

@article{White2003,
author = {B. White},
journal = {J. Amer. Math. Soc.},
number = {1},
pages = {123-138},
title = {The nature of singularities in mean curvature flow of mean-convex sets},
volume = {16},
year = {2003},
}

@article{EvansSpruck1991,
author = {L. C. Evans and J. Spruck},
journal = {J. Differential Geom},
pages = {635-681},
title = {Motion of level sets by mean curvature I},
volume = {33},
year = {1991},
}

@article{EvansSpruck1992b,
author = {L. C. Evans and J. Spruck},
journal = {J. Geom. Anal.},
number = {2},
pages = {121-150},
title = {Motion of level sets by mean curvature. III},
volume = {2},
year = {1992},
}

@article{EvansSpruck1995,
author = {L. C. Evans and J. Spruck},
journal = {J. Geom. Anal.},
number = {1},
pages = {77-114},
title = {Motion of level sets by mean curvature. IV},
volume = {5},
year = {1995},
}

@article{Huisken1990,
author = {G. Huisken},
journal = {J. Differential Geom},
number = {1},
pages = {285-299},
title = {Asymptotic behavior for singularities of the mean curvature flow},
volume = {31},
year = {1990},
}

@article{HuiskenSinestrari1999a,
author = {G. Huisken and C. Sinestrari},
journal = {Calc. Var. Partial Differential Equations},
pages = {1-14},
title = {Mean curvature flow singularities for mean convex surfaces},
volume = {8},
year = {1999},
}

@article{HuiskenSinestrari1999b,
author = {G. Huisken and C. Sinestrari},
journal = {Acta Math.},
number = {1},
pages = {45-70},
title = {Convexity estimates for mean curvature flow and singularities of mean convex surfaces},
volume = {183},
year = {1999},
}

@article{Wang2014,
author = {Lu Wang},
journal = {J. Amer. Math. Soc.},
number = {3},
pages = {613-638},
title = {Uniqueness of self-similar shrinkers with asymptotically conical ends},
volume = {27},
year = {2014},
}

@article {Andrews2000,
    AUTHOR = {Andrews, Ben},
     TITLE = {Motion of hypersurfaces by {G}auss curvature},
   JOURNAL = {Pacific J. Math.},
  FJOURNAL = {Pacific Journal of Mathematics},
    VOLUME = {195},
      YEAR = {2000},
    NUMBER = {1},
     PAGES = {1--34},
      ISSN = {0030-8730},
     CODEN = {PJMAAI},
   MRCLASS = {53C44 (35K55)},
  MRNUMBER = {1781612 (2001i:53108)},
MRREVIEWER = {John Urbas},
       DOI = {10.2140/pjm.2000.195.1},
       URL = {http://dx.doi.org/10.2140/pjm.2000.195.1},
}

@article {Tso1985,
    AUTHOR = {Tso, Kaising},
     TITLE = {Deforming a hypersurface by its {G}auss-{K}ronecker curvature},
   JOURNAL = {Comm. Pure Appl. Math.},
  FJOURNAL = {Communications on Pure and Applied Mathematics},
    VOLUME = {38},
      YEAR = {1985},
    NUMBER = {6},
     PAGES = {867--882},
      ISSN = {0010-3640},
     CODEN = {CPAMA},
   MRCLASS = {53A07 (35K55 58G11)},
  MRNUMBER = {812353 (87e:53009)},
MRREVIEWER = {Dennis M. DeTurck},
       DOI = {10.1002/cpa.3160380615},
       URL = {http://dx.doi.org/10.1002/cpa.3160380615},
}
